<?xml version="1.0" encoding="utf-8"?>
<record xmlns="http://www.loc.gov/MARC21/slim" xmlns:xsi="http://www.w3.org/2001/XMLSchema-instance" xsi:schemaLocation="http://www.loc.gov/MARC21/slim http://www.loc.gov/standards/marcxml/schema/MARC21slim.xsd">
	<leader>     nam a22     Mi 4500</leader>
	<controlfield tag="001">3269983</controlfield>
	<controlfield tag="003">NNC</controlfield>
	<controlfield tag="006">m        d        </controlfield>
	<controlfield tag="007">cr cn |||m|||a</controlfield>
	<controlfield tag="008">190509s1901    ua      o     000 0 ara d</controlfield>
	<datafield ind1=" " ind2=" " tag="040">
		<subfield code="a">ZYU</subfield>
		<subfield code="b">ara</subfield>
		<subfield code="e">rda</subfield>
		<subfield code="c">ZYU</subfield>
	</datafield>
	<datafield ind1=" " ind2="4" tag="050">
		<subfield code="a">BP166</subfield>
		<subfield code="b">.A947 1901</subfield>
	</datafield>
	<datafield ind1="0" ind2=" " tag="100">
		<subfield code="6">880-01</subfield>
		<subfield code="a">Averroës,</subfield>
		<subfield code="d">1126-1198.</subfield>
	</datafield>
	<datafield ind1="1" ind2="0" tag="240">
		<subfield code="6">880-02</subfield>
		<subfield code="a">Faṣl al-maqāl fīmā bayna al-sharīʻah wa-al-ḥikmah min al-ittiṣāl</subfield>
	</datafield>
	<datafield ind1="0" ind2="0" tag="245">
		<subfield code="6">880-03</subfield>
		<subfield code="a">Kitāb Falsafat al-qāḍī al-fāḍil Aḥmad ibn Aḥmad Ibn Rushd al-Andalusī al-mushtamil ʻalá kitābayn jalīlayn, al-awwal Faṣl al-maqāl fī-mā bayna al-sharīʻah wa-al-ḥikmah min al-ittiṣāl wa-dhaylihi Faṣl al-maqāl[sic], wa-al-thānī al-Kashf ʻan manāhij al-adillah fī ʻaqāʼid al-millah, wa-taʻrīf mā waqaʻa fīhā bi-ḥasb al-taʼwīl min al-shubah al-muzīghah wa-al-ʻaqāʼid al-muḍillah.</subfield>
	</datafield>
	<datafield ind1="3" ind2="0" tag="246">
		<subfield code="6">880-04</subfield>
		<subfield code="a">Falsafat Ibn Rushd</subfield>
	</datafield>
	<datafield ind1=" " ind2=" " tag="260">
		<subfield code="6">880-05</subfield>
		<subfield code="a">[Cairo] :</subfield>
		<subfield code="b">al-Maṭbaʻah al-Ḥamīdīyah,</subfield>
		<subfield code="c">1319 [1901 or 1902]</subfield>
	</datafield>
	<datafield ind1=" " ind2=" " tag="300">
		<subfield code="a">online resource (102 pages)</subfield>
	</datafield>
	<datafield ind1=" " ind2=" " tag="336">
		<subfield code="a">text</subfield>
		<subfield code="2">rdacontent</subfield>
	</datafield>
	<datafield ind1=" " ind2=" " tag="337">
		<subfield code="a">computer</subfield>
		<subfield code="2">rdamedia</subfield>
	</datafield>
	<datafield ind1=" " ind2=" " tag="338">
		<subfield code="a">online resource</subfield>
		<subfield code="2">rdacarrier</subfield>
	</datafield>
	<datafield ind1=" " ind2=" " tag="500">
		<subfield code="a">Part of the Arabic Collections Online (ACO) project, contributed by Columbia University Libraries.</subfield>
	</datafield>
	<datafield ind1="0" ind2=" " tag="505">
		<subfield code="a">Faṣl al-maqāl fī-mā bayna al-ḥikmah wa-al-sharīʻah min al-ittiṣāl, wa-dhayluh -- al-Kashf ʻan manāhij al-adillah fī ʻaqāʼid al-millah, wa-taʻrīf mā waqaʻ fīhā bi-ḥasab al-taʼwīl min al-shubah al-muzīghah wa-al-ʻaqāʼid al-muḍillah.</subfield>
	</datafield>
	<datafield ind1=" " ind2=" " tag="533">
		<subfield code="a">Electronic reproduction.</subfield>
		<subfield code="b">New York, N.Y. :</subfield>
		<subfield code="c">New York University,</subfield>
		<subfield code="d">2019.</subfield>
		<subfield code="5">NNU</subfield>
	</datafield>
	<datafield ind1=" " ind2="0" tag="650">
		<subfield code="a">Islam</subfield>
		<subfield code="x">Doctrines</subfield>
		<subfield code="v">Early works to 1800.</subfield>
	</datafield>
	<datafield ind1=" " ind2="0" tag="650">
		<subfield code="a">Islam and philosophy</subfield>
		<subfield code="v">Early works to 1800.</subfield>
	</datafield>
	<datafield ind1=" " ind2="7" tag="650">
		<subfield code="a">Islam and philosophy.</subfield>
		<subfield code="2">fast</subfield>
		<subfield code="0">(OCoLC)fst00979877</subfield>
	</datafield>
	<datafield ind1=" " ind2="7" tag="650">
		<subfield code="a">Islam</subfield>
		<subfield code="x">Doctrines.</subfield>
		<subfield code="2">fast</subfield>
		<subfield code="0">(OCoLC)fst00979787</subfield>
	</datafield>
	<datafield ind1=" " ind2="7" tag="655">
		<subfield code="a">Early works.</subfield>
		<subfield code="2">fast</subfield>
		<subfield code="0">(OCoLC)fst01411636</subfield>
	</datafield>
	<datafield ind1="0" ind2="2" tag="700">
		<subfield code="6">880-06</subfield>
		<subfield code="a">Averroës,</subfield>
		<subfield code="d"> 1126-1198.</subfield>
		<subfield code="t"> Kashf ʻan manāhij al-adillah fī ʻaqāʼid al-millah.</subfield>
		<subfield code="f">1901. </subfield>
	</datafield>
	<datafield ind1="2" ind2=" " tag="710">
		<subfield code="a">Columbia University.</subfield>
		<subfield code="b">Libraries.</subfield>
	</datafield>
	<datafield ind1="0" ind2=" " tag="730">
		<subfield code="a">Arabic Collections Online.</subfield>
	</datafield>
	<datafield ind1="0" ind2="8" tag="776">
		<subfield code="i">Print version:</subfield>
		<subfield code="a">Averroës, 1126-1198.</subfield>
		<subfield code="t">Kitāb Falsafat al-qāḍī al-fāḍil Aḥmad ibn Aḥmad Ibn Rushd al-Andalusī al-mushtamil ʻalá kitābayn jalīlayn, al-awwal Faṣl al-maqāl fī-mā bayna al-sharīʻah wa-al-ḥikmah min al-ittiṣāl wa-dhaylihi Faṣl al-maqāl[sic], wa-al-thānī al-Kashf ʻan manāhij al-adillah fī ʻaqāʼid al-millah, wa-taʻrīf mā waqaʻa fīhā bi-ḥasb al-taʼwīl min al-shubah al-muzīghah wa-al-ʻaqāʼid al-muḍillah</subfield>
		<subfield code="w">(NNC)3269983</subfield>
		<subfield code="w">(OCoLC)51533441</subfield>
	</datafield>
	<datafield ind1="4" ind2="0" tag="856">
		<subfield code="u">http://hdl.handle.net/2333.1/d2547npk</subfield>
	</datafield>
	<datafield ind1="0" ind2=" " tag="880">
		<subfield code="6">100-01</subfield>
		<subfield code="a">ابن رشد، </subfield>
		<subfield code="d">1126-1198.</subfield>
	</datafield>
	<datafield ind1="1" ind2="0" tag="880">
		<subfield code="6">240-02</subfield>
		<subfield code="a">فصل المقال فيما بين الشريعة والحكمة من الاتصال</subfield>
	</datafield>
	<datafield ind1="0" ind2="0" tag="880">
		<subfield code="6">245-03</subfield>
		<subfield code="a">كتاب فلسفة القاضي الفاضل أحمد بن أحمد بن رشد الأندلسي المشتمل على كتابين جليلين، الأول فصل المقال فيما بين الحكمة والشريعة من الاتصال وذيله فصل المقال [كذا]، والثاني الكشف عن مناهج الأدلة في عقائد الملة، وتعريف ما وقع فيها من الشبه المزيغة والعقائد المضلة.</subfield>
	</datafield>
	<datafield ind1="3" ind2="0" tag="880">
		<subfield code="6">246-04</subfield>
		<subfield code="a">فلسفة ابن رشد</subfield>
	</datafield>
	<datafield ind1=" " ind2=" " tag="880">
		<subfield code="6">260-05</subfield>
		<subfield code="a">[Cairo] :</subfield>
		<subfield code="b">المطبعة الحميدية،</subfield>
		<subfield code="c">1319 [1901 or 1902]</subfield>
	</datafield>
	<datafield ind1="0" ind2="2" tag="880">
		<subfield code="6">700-06</subfield>
		<subfield code="a">ابن رشد،</subfield>
		<subfield code="d">1126-1198.</subfield>
		<subfield code="t">كشف عن مناهج الادلة في عقائد الملة.</subfield>
		<subfield code="f">1901. </subfield>
	</datafield>
	<datafield ind1=" " ind2=" " tag="959">
		<subfield code="a">NNU</subfield>
		<subfield code="b">WEB</subfield>
		<subfield code="c">GENI</subfield>
		<subfield code="t">0</subfield>
		<subfield code="m">Electronic access</subfield>
		<subfield code="s">01</subfield>
	</datafield>
	<datafield ind1=" " ind2=" " tag="999">
		<subfield code="i">NNC_3269983</subfield>
		<subfield code="o">(OCoLC)ocm51533441</subfield>
		<subfield code="s">columbia_aco003460</subfield>
		<subfield code="e">(ERROR-880)</subfield>
		<subfield code="s">columbia_aco003460</subfield>
	</datafield>
</record>
